<?xml version="1.0" encoding="UTF-8"?>
<record xmlns="http://www.loc.gov/MARC21/slim" xmlns:xsi="http://www.w3.org/2001/XMLSchema-instance" xsi:schemaLocation="http://www.loc.gov/MARC21/slim http://www.loc.gov/standards/marcxml/schema/MARC21slim.xsd">
<leader>00000cam a22      a 4500</leader>
<controlfield tag="001">002315857</controlfield>
<controlfield tag="003">NNU</controlfield>
<controlfield tag="005">20160205172250.0</controlfield>
<controlfield tag="008">960403s1931    ua       b    000 0 araod</controlfield>
<datafield tag="020" ind1=" " ind2=" ">
<subfield code="z">97750509515</subfield>
</datafield>
<datafield tag="035" ind1=" " ind2=" ">
<subfield code="a">(OCoLC)477459562</subfield>
</datafield>
<datafield tag="040" ind1=" " ind2=" ">
<subfield code="a">N15</subfield>
<subfield code="b">eng</subfield>
<subfield code="c">N15</subfield>
<subfield code="d">OCLCQ</subfield>
<subfield code="d">OCLCO</subfield>
<subfield code="d">OCLCF</subfield>
<subfield code="d">NNU</subfield>
</datafield>
<datafield tag="050" ind1=" " ind2="4">
<subfield code="a">HG351</subfield>
<subfield code="b">.J3 1994</subfield>
</datafield>
<datafield tag="050" ind1=" " ind2="4">
<subfield code="a">HG351</subfield>
<subfield code="b">.J38 1931</subfield>
</datafield>
<datafield tag="100" ind1="0" ind2=" ">
<subfield code="6">880-01</subfield>
<subfield code="a">Jāḥiẓ,</subfield>
<subfield code="d">-868 or 869.</subfield>
</datafield>
<datafield tag="240" ind1="1" ind2="0">
<subfield code="6">880-02</subfield>
<subfield code="a">Tabaṣṣur bi-al-tijārah</subfield>
</datafield>
<datafield tag="245" ind1="1" ind2="0">
<subfield code="6">880-03</subfield>
<subfield code="a">Kitāb al-tabaṣṣur bi-al-tijārah :</subfield>
<subfield code="b">fī waṣf mā yustaẓrafu fī al-buldān min al-amtiʻah al-rafīʻah wa-al-aʻlāq al-nafīsah wa-al-jawāhir al-thamīnah /</subfield>
<subfield code="c">taʼlīf Abī ʻUthmān ʻAmr ibn Baḥr al-Jāḥiẓ al-Baṣrī ; ʻuniya bi-nashrihi wa-taṣḥīḥihi wa-al-taʻlīq ʻalayhi Ḥasan Ḥusnī ʻAbd al-Wahhāb al-Tūnisī.</subfield>
</datafield>
<datafield tag="246" ind1="3" ind2="0">
<subfield code="6">880-04</subfield>
<subfield code="a">Tabaṣṣur bi-al-tijārah</subfield>
</datafield>
<datafield tag="250" ind1=" " ind2=" ">
<subfield code="6">880-05</subfield>
<subfield code="a">al-Ṭabʻah 3.</subfield>
</datafield>
<datafield tag="260" ind1=" " ind2=" ">
<subfield code="6">880-06</subfield>
<subfield code="a">al-Qāhirah :</subfield>
<subfield code="b">Maktabat al-Khānjī,</subfield>
<subfield code="c">1931.</subfield>
</datafield>
<datafield tag="300" ind1=" " ind2=" ">
<subfield code="a">42 pages ;</subfield>
<subfield code="c">24 cm.</subfield>
</datafield>
<datafield tag="336" ind1=" " ind2=" ">
<subfield code="a">text</subfield>
<subfield code="b">txt</subfield>
<subfield code="2">rdacontent</subfield>
</datafield>
<datafield tag="337" ind1=" " ind2=" ">
<subfield code="a">unmediated</subfield>
<subfield code="b">n</subfield>
<subfield code="2">rdamedia</subfield>
</datafield>
<datafield tag="338" ind1=" " ind2=" ">
<subfield code="a">volume</subfield>
<subfield code="b">nc</subfield>
<subfield code="2">rdacarrier</subfield>
</datafield>
<datafield tag="490" ind1="1" ind2=" ">
<subfield code="6">880-07</subfield>
<subfield code="a">al-Rasāʼil al-nādirah</subfield>
</datafield>
<datafield tag="504" ind1=" " ind2=" ">
<subfield code="a">Includes bibliographical references.</subfield>
</datafield>
<datafield tag="650" ind1=" " ind2="0">
<subfield code="a">Commerce</subfield>
<subfield code="x">History.</subfield>
</datafield>
<datafield tag="650" ind1=" " ind2="7">
<subfield code="a">Commerce.</subfield>
<subfield code="2">fast</subfield>
<subfield code="0">(OCoLC)fst00869279</subfield>
</datafield>
<datafield tag="655" ind1=" " ind2="7">
<subfield code="a">History.</subfield>
<subfield code="2">fast</subfield>
<subfield code="0">(OCoLC)fst01411628</subfield>
</datafield>
<datafield tag="700" ind1="1" ind2=" ">
<subfield code="6">880-08</subfield>
<subfield code="a">Tūnisī, Ḥasan Ḥusnī ʻAbd al-Wahhāb.</subfield>
</datafield>
<datafield tag="880" ind1="0" ind2=" ">
<subfield code="6">100-01/</subfield>
<subfield code="a">جاحظ،</subfield>
<subfield code="d">-868 or 869.</subfield>
</datafield>
<datafield tag="880" ind1="1" ind2="0">
<subfield code="6">240-02/</subfield>
<subfield code="a">تبصر بالتجارة</subfield>
</datafield>
<datafield tag="880" ind1="1" ind2="0">
<subfield code="6">245-03/</subfield>
<subfield code="a">كتاب التبصر بالتجارة :</subfield>
<subfield code="b">في وصف ما يستظرف في البلدان من الامتعة الرفيعة والاعلاق النفيسة والجواهر الثمينة /</subfield>
<subfield code="c">تأليف ابي عثمان عمرو بن بحر الجاحظ البصري ؛ عني بنشره وتصحيحه والتعليق عليه حسن حسني عبد الوهاب التونسي.</subfield>
</datafield>
<datafield tag="880" ind1="3" ind2="0">
<subfield code="6">246-04/</subfield>
<subfield code="a">تبصر بالتجارة</subfield>
</datafield>
<datafield tag="880" ind1=" " ind2=" ">
<subfield code="6">250-05/</subfield>
<subfield code="a">الطبعة 3.</subfield>
</datafield>
<datafield tag="880" ind1=" " ind2=" ">
<subfield code="6">260-06/</subfield>
<subfield code="a">القاهرة :</subfield>
<subfield code="b">مكتبة الخانجي،</subfield>
<subfield code="c">1931.</subfield>
</datafield>
<datafield tag="880" ind1="1" ind2=" ">
<subfield code="6">490-07/</subfield>
<subfield code="a">الرسائل النادرة</subfield>
</datafield>
<datafield tag="880" ind1="1" ind2=" ">
<subfield code="6">700-08/</subfield>
<subfield code="a">تونسي، حسن حسني عبد الوهاب.</subfield>
</datafield>
<datafield tag="830" ind1=" " ind2="0">
<subfield code="6">880-09</subfield>
<subfield code="a">Rasāʼil al-nādirah.</subfield>
</datafield>
<datafield tag="880" ind1=" " ind2="0">
<subfield code="6">830-09/</subfield>
<subfield code="a">رسائل النادرة.</subfield>
</datafield>
<datafield tag="OWN" ind1=" " ind2=" ">
<subfield code="a">GENERAL</subfield>
</datafield>
<datafield tag="AVA" ind1=" " ind2=" ">
<subfield code="a">NYU50</subfield>
<subfield code="b">BOBST</subfield>
<subfield code="c">Main Collection</subfield>
<subfield code="d">HG351 .J38 1931</subfield>
<subfield code="e">unavailable</subfield>
<subfield code="t">Unavailable</subfield>
<subfield code="f">1</subfield>
<subfield code="g">1</subfield>
<subfield code="h">N</subfield>
<subfield code="i">2</subfield>
<subfield code="j">MAIN</subfield>
<subfield code="k">0</subfield>
</datafield>
</record>
